<record><leader>00000cas a22000007a 4500</leader><controlfield tag="001">10870945</controlfield><controlfield tag="008">840621d18761876cauwr ne      0   e0chi d</controlfield><datafield ind1=" " ind2=" " tag="010"><subfield code="a">sn 84025976 </subfield></datafield><datafield ind1=" " ind2=" " tag="040"><subfield code="a">NPV</subfield><subfield code="b">eng</subfield><subfield code="c">NPV</subfield><subfield code="d">CNK</subfield><subfield code="d">DLC</subfield><subfield code="d">OCLCQ</subfield><subfield code="d">DLC</subfield><subfield code="d">OCLCQ</subfield><subfield code="d">OCLCO</subfield></datafield><datafield ind1="1" ind2=" " tag="029"><subfield code="a">AU@</subfield><subfield code="b">000015612683</subfield></datafield><datafield ind1=" " ind2=" " tag="042"><subfield code="a">msc</subfield></datafield><datafield ind1=" " ind2=" " tag="043"><subfield code="a">n-us-ca</subfield></datafield><datafield ind1="0" ind2="0" tag="245"><subfield code="a">Hua fan hui bao =</subfield><subfield code="b">The Oriental.</subfield></datafield><datafield ind1="3" ind2="1" tag="246"><subfield code="a">Oriental</subfield></datafield><datafield ind1=" " ind2=" " tag="260"><subfield code="a">Jiujinshan [San Francisco, Calif. :</subfield><subfield code="b">s.n.],</subfield><subfield code="c">-1876.</subfield></datafield><datafield ind1=" " ind2=" " tag="300"><subfield code="a">1 v.</subfield></datafield><datafield ind1=" " ind2=" " tag="310"><subfield code="a">Weekly</subfield></datafield><datafield ind1="0" ind2=" " tag="362"><subfield code="a">-v. 2, no. 2 (Sept. 9, 1876).</subfield></datafield><datafield ind1="1" ind2=" " tag="362"><subfield code="a">Began between June 17 and Sept. 2, 1876.</subfield><subfield code="z">Cf. Tang fan gong bao = The Oriental, June 17, 1876.</subfield></datafield><datafield ind1=" " ind2=" " tag="521"><subfield code="a">"This is the only Chinese newspaper published in this country."</subfield></datafield><datafield ind1=" " ind2=" " tag="546"><subfield code="a">In Chinese.</subfield></datafield><datafield ind1=" " ind2=" " tag="588"><subfield code="a">Description based on: Vol. 2, no. 1 (Sept. 2, 1876).</subfield></datafield><datafield ind1=" " ind2="0" tag="650"><subfield code="a">Chinese newspapers</subfield><subfield code="z">California</subfield><subfield code="z">San Francisco.</subfield></datafield><datafield ind1=" " ind2="0" tag="651"><subfield code="a">San Francsico (Calif.)</subfield><subfield code="v">Newspapers.</subfield></datafield><datafield ind1=" " ind2=" " tag="752"><subfield code="a">United States</subfield><subfield code="b">California</subfield><subfield code="c">San Francisco</subfield><subfield code="d">San Francisco.</subfield></datafield><datafield ind1="0" ind2="0" tag="780"><subfield code="t">Tang fan gong bao</subfield><subfield code="w">(DLC)sn 84025975</subfield></datafield><datafield ind1="0" ind2="0" tag="785"><subfield code="t">Zhongxi hui bao</subfield><subfield code="w">(DLC)sn 84025977</subfield></datafield></record>